@inproceedings{atk12,
 author = {R. Atkey},
 title = {Relational parametricity for higher kinds},
 booktitle = {Computer Science Logic},
 pages = {46-61},
 year = {2012}
 }

@article{bfss90,
  author = {E. S. Bainbridge and P. Freyd and A. Scedrov and P. J. Scott},
  title = {Functorial polymorphism},
  journal = {Theoretical Computer Science},
  volume = {70(1)},
  pages = {35-64},
  year = {1990}
  }

@inproceedings{bm98,
 author = {R. Bird and L. Meertens},
 title = {Nested datatypes},
 booktitle = {Mathematics of Program Construction},
 pages = {52-67},
 year = {1998}
 }

@unpublished{ch03,
 author = {J. Cheney and R. Hinze},
 title = {First-class phantom types},
 note = {CUCIS TR2003-1901, Cornell University},
 year = {2003}
 }

@unpublished{cis194,
  author = {N. Zilberstein},
  title = {CIS194 homepage},
  url = {https://www.seas.upenn.edu/~cis194/spring15/lectures/11-stlc.html},
  year = {2015}
  }
  
@unpublished{coq20,
 author = {The Coq Development Team},
 title = {The Coq Proof Assistant, version 8.11.0},
 url = {https://doi.org/10.5281/zenodo.3744225},
 year = {2020}
 }

@article{dyb94,
  author = {P. Dybjer},
  title = {Inductive families},
  journal = {Formal Aspects of Computing},
  volume = {6(4)},
  pages = {440-465},
  year = {1994}
  }

@unpublished{fs18,
 author = {P. Fu and P. Selinger},
 title = { Dependently typed folds for nested data types},
  year = {2018},
 url = {https://arxiv.org/abs/1806.05230}
 }

@inproceedings{gjfor15,
 author = {N. Ghani and P. Johann and F. Nordvall Forsberg and 
  F. Orsanigo and T. Revell},
 title = {Bifibrational functorial semantics for parametric polymorphism}, 
 booktitle = {Mathematical Foundations of Program Semantics},
 pages = {165-181},
 year = {2015}
 }

@inproceedings{hin03,
 author = {R. Hinze},
 title = {Fun with phantom types},
 booktitle = {The Fun of Programming},
 pages = {245-262},
 year = {2003}
 }

%\bibitem{web-page} Johann, P., Ghiorzi, E., and Jeffries,
%  D. Accompanying Agda code for this paper.
%    $\mathtt{https://cs.appstate.edu/\tilde~johannp/MFPS21Code.html}$
 
@inproceedings{jgj21f,
 author = {P. Johann and E. Ghiorzi and D. Jeffries},
 title = {Parametricity for primitive nested types},
 booktitle = {Foundations of Software Science and Computation Structures},
 pages = {324-343},
 year = {2021}
 }

@inproceedings{jg21,
 author = {P. Johann and E. Ghiorzi},
 title = {GADTs, functoriality, parametricity: Pick two},
 booktitle = {Logical and Semantic Frameworks with Applications},
 year = {2021}
 }

@inproceedings{jp19,
 author = {P. Johann and A. Polonsky},
 title = {Higher-kinded data types: Syntax and semantics},
 booktitle = {Logic in Computer Science},
 pages = {1-13},
 year = {2019}
 }

@inproceedings{jp20,
 author = {P. Johann and A. Polonsky},
 title = {Deep induction: Induction rules for (truly) nested types},
 booktitle = {Foundations of Software Science and Computation Structures},
 pages = {339-358},
 year = {2020}
 }

@book{mac71,
 author = {S. Mac Lane},
 title = {Categories for the Working Mathematician},
 publisher = {Springer},
 year = {1971}
 }

@unpublished{mcb99,
 author = {C. McBride},
 title = {Dependently Typed Programs and their Proofs},
 note = {PhD thesis, University of Edinburgh},
 year = {1999}
 }

@inproceedings{pvww06,
 author = {S. Peyton Jones and D. Vytiniotis and S. Weirich and
 G. Washburn},
 title = {Simple unification-based type inference for GADTs},
 booktitle = {International Conference on Functional Programming},
 pages = {50-61},
 year = {2006}
 }

@inproceedings{sjsv09,
 author = {T. Schrijvers and S. L. Peyton Jones and M. Sulzmann and D. Vytiniotis},    
 title = {Complete and decidable type inference for GADTs},
 booktitle = {International Conference on Functional Programming},
 pages = {341-352},
 year = {2009}
 }

@inproceedings{sp04,
 author = {T. Sheard and E. Pasalic},
 title = {Meta-programming with built-in type equality},
 booktitle = {Workshop on Logical Frameworks and Meta-languages},
 pages = {106-124},
 year = {2004}
 }

@inproceedings{tas19,
 author = {E. Tassi},
 title = {Deriving proved equality tests in Coq-elpi: Stronger induction principles for containers in Coq},
 booktitle = {Interactive Theorem Proving},
 pages = {1-18},
 year = {2019}
 }
  

@article{vw10,
  author = {D. Vytiniotis and S. Weirich},
  title = {Parametricity, type equality, and higher-order polymorphism},
  journal = {Journal of Functional Programming},
  volume = {20(2)},
  pages = {175-210},
  year = {2010}
  }

@inproceedings{xcc03,
 author = {H. Xi and C. Chen and G. Chen},
 title = {Guarded recursive datatype constructors},
 booktitle = {Principles of Programming Languages},
 pages = {224-235},
 year = {2003}
 }

@unpublished{ull20,
 author = {M. Ullrich},
 title = {Generating Induction Principles for Nested Induction Types in MetaCoq},
 note = {PhD thesis, Saarland University},
 year = {2020}
 }

@unpublished{min15,
 author = {Y. Minsky},
 title = {Why GADTs Matter for Performance},
 year = {2015},
 url = {https://blogs.janestreet.com/why-gadts-matter-for-performance}
 }

@unpublished{rou06,
 author = {D. Roundy},
 title = {Implementing the darcs Patch Formalism ...and Verifying It}, 
  year = {2006},
 url = {https://physics.oregonstate.edu/~roundyd/talks/fosdem}
 }

@inproceedings{pr06,
 author = {F. Pottier and Y. R{\'e}gis-Gianas},
 title = {Stratified type inference for generalized algebraic data types}, 
 booktitle = {Principles of Programming Languages},
 pages = {232-244},
 year = {2006}
 }

@inproceedings{pl04,
  author = {E. Pasalic and N. Linger},
  title = {Meta-programming with typed object-language representations},
  booktitle = {Generic Programming and Component Engineering},
  pages = {136-167},
  year = {2004}
  }