@inproceedings{jg08,
   title = {Foundations for structured programming with GADTs},
   author = {P. Johann and N. Ghani},
   year = {2008},
   booktitle = {Principles of Programming Languages},
   pages = {297-308},
   doi = {10.1145/1328438.1328475},
}

@inproceedings{agj14,
   title = {A Relationally Parametric Model of Dependent Type Theory},
   author = {R. Atkey and N. Ghani and P. Johann},
   year = {2014},
   booktitle = {Principles of Programming Languages},
   pages = {503-516},
   doi = {10.1145/2535838.2535852},
}


@inproceedings{gh03,
   title = {Well-founded trees and dependent polynomial functors},
   author = {N. Gambino and M. Hyland},
   year = {2003},
   booktitle = {TYPES},
   pages = {210-225},
   doi = {10.1007/978-3-540-24849-1\_14},
}

@inproceedings{hf11,
   title = {A foundation for GADTs and inductive families: Dependent polynomial functor approach}, 
   author = {M. Hamama and M. Fiore},
   year = {2011},
   booktitle = {Workshop on Generic Programming},
   pages = {59-70},
   doi = {10.1145/2036918.2036927},
}

@inproceedings{ma09,
   title = {Indexed containers},
   author = {P. Morris and T. Altenkirch},
   year = {2009},
   booktitle = {Logic in Computer Science},
   pages = {277-285},
   doi = {10.1017/S095679681500009X},
}


@inproceedings{jg07,
   title = {Initial algebra semantics is enough!},
   author = {P. Johann and N. Ghani},
   year = {2007},
   booktitle = {Typed Lambda Calculus and Applications},
   pages = {207-222},
   doi = {10.1007/978-3-540-73228-0\_16},
}

@inproceedings{bm98,
   title = {Nested datatypes},
   author = {R. Bird and L. Meertens},
   year = {1998},
   booktitle = {Mathematics of Program Construction},
   pages = {52-67},
   doi = {10.1007/BFb0054285},
}

% DOI not found
@inproceedings{ms09,
 title={GADTs for the OCaml masses},
 author={Y. Mandelbaum and A. Stump},
 booktitle={Workshop on ML},
 year={2009}}

@Article{vw10,
author = {D. Vytiniotis and S. Weirich},
title = {Parametricity, type equality, and higher-order polymorphism},
year = {2010},
volume = {20\,(2)},
pages = {175-210},
journal = {Journal of Functional Programming},
doi = {10.1017/S0956796810000079},
}

@inproceedings{pl04,
  author = {E. Pasalic and N. Linger},
  title = {Meta-programming with typed object-language representations},
  year = {2004},
  booktitle = {Generic Programming and Component Engineering},
  pages = {136-167},
  doi = {10.1007/978-3-540-30175-2\_8},
}  

@inproceedings{pvww06,
  author = {S. L. {P}eyton {J}ones and D. Vytiniotis and G. Washburn
                  and S. Weirich},
  title = {Simple unification-based type inference for GADTs},
  year = {2006},
  booktitle = {International Conference on Functional Programming},
  pages = {50-61},
  doi = {10.1145/1160074.1159811},
}

@inproceedings{pr06,
  author = {F. Pottier and Y. R{\'e}gis-Gianas},
  title = {Stratified type inference for generalized algebraic data types}, 
  year = {2006},
  booktitle = {Principles of Programming Languages},
  pages = {232-244},
  doi = {10.1145/1111320.1111058},
}  

% DOI not found
@misc{vw06,
author = {D. Vytiniotis and S. Weirich},
title = {Parametricity and GADTs},
year = {2006},
howpublished = {\url{https://www.cis.upenn.edu/~sweirich//talks/param-gadt.pdf}}}

% DOI not found
@misc{pen20,
title = {Simpler and safer {API} design using {GADT}s},
author = {C. Penner},
howpublished = {\url{https://chrispenner.ca/posts/gadt-design}},
year = {2020}
}

% DOI not found
@misc{iron-triangle,
title = {The Iron Triangle, or ``Pick Two"},
author = {freeCodeCamp},
howpublished = {\url{https://www.freecodecamp.org/news/the-iron-triangle-or-pick-two/}},
year = {2020}
}

% DOI not found
@misc{min15,
title = {Why {GADT}s matter for performance},
author = {Y. Minsky},
howpublished = {\url{https://blog.janestreet.com/why-gadts-matter-for-performance/}}, 
year = {2015}
}

@inproceedings{owg08,
  title = "The visitor pattern as a reusable, generic, type-safe component",
  author = "B. {C. d. S.} Oliveira and M. Wang and J. Gibbons",
  year = "2008",
  booktitle = "Object-Oriented Programming: Systems, Languages, Applications",
  pages = "439-456",
  doi = {10.1145/1449764.1449799},
}

% DOI not found
@misc{gon21,
title = {The visitor pattern is essentially the same thing as Church encoding},
author = {G. Gonzalez},
howpublished = {\url{https://www.haskellforall.com/2021/01/the-visitor-pattern-is-essentially-same.html}},
year = {2021}
}

% DOI not found
@misc{tfca,
title = {Transfinite Construction of Free Algebras},
author = {TFCA},
howpublished = {\url{http://ncatlab.org/nlab/show/transfinite+construction+of+free+algebras}},
year = {2019}
}

% DOI not found
@inproceedings{atk12,
  author = {R. Atkey},
  title = {Relational parametricity for higher kinds},
  year = {2012},
  booktitle = {Computer Science Logic},
  pages = {46-61}}


@article{blw03,
  author = {M. R. Bush and M. Leeming and R. F. C. Walters},
  title = {Computing left {K}an extensions},
  journal = {Journal of Symbolic Computation},
  volume = {35},
  year = {2003},
  pages = {107-126},
  doi = {10.1016/S0747-7171(02)00102-5},
}

% DOI not found
@book{rie16,
  author = {E. Riehl},
  title = {Category Theory in Context},
  year = {2016},
  publisher = {Dover}}

% DOI not found
@book{mac71,
  author = {S. MacLane},
  title = {Categories for the Working Mathematician},
  year = {1971},
  publisher = {Springer-Verlag}}

@article{bfss90,
  author = {E. S. Bainbridge and P. J. Freyd and A. Scedrov and P. J. Scott},
  title = {Functorial polymorphism},
  journal = {Theoretical Computer Science},
  volume = {70},
  year = {1990},
  pages = {35-64},
  doi = {10.1016/0304-3975(90)90151-7},
}

@inproceedings{jp19,
  author = {P. Johann and A. Polonsky},
  title = {Higher-kinded data types: Syntax and semantics},
  year = {2019},
  booktitle = {Logic in Computer Science},
  pages = {1-13},
  doi = {10.1109/LICS.2019.8785657},
}

% DOI not found
@phdthesis{gir72,
   author = {J.-Y. Girard},
   title = {Interpr\'etation fonctionnelle et \'elimination des coupures de l'arithm√©tique d'ordre sup\'erieur},
   school = {University of Paris},
   year = {1972}
}   

% DOI not found
@article{rey83,
  author = {J. C. Reynolds},
  title = {Types, abstraction, and parametric polymorphism},
  journal = {Information Processing},
  volume = {83(1)},
  pages = {513-523},
  year = {1983}} 

@inproceedings{wad89,
   author = {P.\ Wadler},
   title = {Theorems for free!},
   BOOKTITLE = {Functional Programming Languages and Computer Architecture},  
   PAGES   = {347-359},
   YEAR    = {1989},
   doi = {10.1145/99370.99404},
}

@INPROCEEDINGS{glp93,
AUTHOR  = {A.\ Gill and J.\ Launchbury and S.L.\ {Peyton Jones}},
TITLE   = {A short cut to deforestation},
BOOKTITLE = {Functional Programming Languages and Computer Architecture},
PAGES   = {223-232},
YEAR    = {1993},
doi = {10.1145/165180.165214},
}

@inproceedings{jgj21,
  author = {P. Johann and E. Ghiorzi and D. Jeffries},
  title = {Parametricity for primitive nested types},
  booktitle = {Foundations of Software Science and Computation Structures},
  year = {2021},
  pages = {234-343},
  doi = {10.1007/978-3-030-71995-1\_17},
  }

% DOI not found
@inproceedings{jg22,
  author = {P. Johann and E. Ghiorzi},
  title = {(Deep) induction  for GADTs},
  booktitle = {To appear, Certified Proofs and Programs},
  year = {2022}}


@inproceedings{jp20,
  author = {P. Johann and A. Polonsky},
  title = {Deep Induction: Induction rules for (truly) nested types},
  booktitle = {Foundations of Software Science and Computation Structures},
  year = {2020},
  pages = {339-358},
  doi = {10.1007/978-3-030-45231-5\_18},
}

@ARTICLE{joh03,
AUTHOR = {P.\ Johann},
TITLE  = {Short cut fusion is correct},
JOURNAL = {Journal of Functional Programming},
YEAR   = {2003},
PAGES  = {797-814},
VOLUME = {13},
doi = {10.1017/S0956796802004409},
}

@article{joh02,
AUTHOR = {P.\ Johann},
TITLE  = {A generalization of short-cut fusion and its correctness proof},
journal = {Higher-Order and Symbolic Computation},
YEAR   = {2002},
PAGES  = {273-300},
VOLUME = {15},
doi = {10.1023/A:1022982420888},
}

% DOI not found
@unpublished{pit98,
  author = {A. Pitts},
  title = {Parametric polymorphism, recursive types, and operational equivalence},
  note = {Unpublished manuscript},
  year = {1998},
}

@article{pit00,
  author = {A. Pitts},
  title = {Parametric polymorphism and operational equivalence},
  year = {2000},
  journal = {Mathematical Structures in Computer Science},
  volume = {10},
  pages = {1-39},
  doi = {10.1017/S0960129500003066},
}

@inproceedings{adr09,
   title = {State-dependent representation independence},
   author = {A. Ahmed and D. Dreyer and A. Rossberg},
   year = {2009},
   booktitle = {Principles of Programming Languages},
   pages = {340-353},
   doi = {10.1145/1594834.1480925},
}

@article{dnb12,
AUTHOR = {D. Dreyer and G.~Neis and L.~Birkedal},
TITLE  = {The impact of higher-order state and control effects on local relational reasoning},  
journal = {Journal of Functional Programming},
YEAR   = {2012},
PAGES  = {477-528},
VOLUME = {22},
doi = {10.1145/1863543.1863566},
}

@inproceedings{hd11,
   title = {A Kriple logical relation between ML and assembly},
   author = {C.-K. Hur and D. Dreyer},
   year = {2011},
   booktitle = {Principles of Programming Languages},
   pages = {133-146},
   doi = {10.1145/1926385.1926402},
}


